<?xml version="1.0" encoding="UTF-8"?><collection xmlns="http://www.loc.gov/MARC21/slim"><record><leader>00553nam--2200193-i-4500</leader><controlfield tag="001">000007120</controlfield><controlfield tag="002">20161230</controlfield><controlfield tag="005">20161230201027</controlfield><controlfield tag="008">060222s1000------------r-----000-0-eng-d</controlfield><datafield ind1=" " ind2=" " tag="040"><subfield code="a">IFIN-HH</subfield></datafield><datafield ind1=" " ind2=" " tag="080"><subfield code="a">532.51:536.242:66.063.2</subfield></datafield><datafield ind1="1" ind2=" " tag="100"><subfield code="a">Bennett, C.O</subfield></datafield><datafield ind1="1" ind2="0" tag="245"><subfield code="a">Momentum, heat, and mass transfer</subfield><subfield code="c">C.o. bennett; j.e. myers</subfield></datafield><datafield ind1=" " ind2=" " tag="260"><subfield code="a">New York</subfield><subfield code="b">Mcgraw-hill Book Company, Inc</subfield><subfield code="c">1962</subfield></datafield><datafield ind1=" " ind2=" " tag="300"><subfield code="a">697 P</subfield></datafield><datafield ind1=" " ind2=" " tag="490"><subfield code="a">Mcgraw-hill Series In Chemical Engineering</subfield></datafield><datafield ind1="1" ind2=" " tag="700"><subfield code="a">Myers, J.E</subfield></datafield><datafield ind1=" " ind2=" " tag="852"><subfield code="a">21265</subfield><subfield code="c">536</subfield></datafield><datafield ind1=" " ind2=" " tag="CAT"><subfield code="a">Sys</subfield><subfield code="c">20110505</subfield><subfield code="h">162500</subfield></datafield></record></collection>